<record><leader>00000cas a22000007a 4500</leader><controlfield tag="001">10887428</controlfield><controlfield tag="008">840626d187018uuiaudn ne      0    0eng d</controlfield><datafield ind1=" " ind2=" " tag="010"><subfield code="a">sn 84027132 </subfield></datafield><datafield ind1=" " ind2=" " tag="040"><subfield code="a">NPU</subfield><subfield code="b">eng</subfield><subfield code="c">NPU</subfield><subfield code="d">NPX</subfield><subfield code="d">INP</subfield><subfield code="d">OCLCQ</subfield></datafield><datafield ind1=" " ind2=" " tag="042"><subfield code="a">msc</subfield></datafield><datafield ind1="0" ind2=" " tag="130"><subfield code="a">Dubuque telegraph (Dubuque, Iowa : 1870)</subfield></datafield><datafield ind1="1" ind2="0" tag="245"><subfield code="a">Dubuque telegraph.</subfield></datafield><datafield ind1="1" ind2="3" tag="246"><subfield code="a">Evening telegraph</subfield></datafield><datafield ind1="1" ind2="3" tag="246"><subfield code="a">Telegraph-Democrat</subfield></datafield><datafield ind1=" " ind2=" " tag="250"><subfield code="a">Daily ed.</subfield></datafield><datafield ind1=" " ind2=" " tag="260"><subfield code="a">Dubuque, Iowa :</subfield><subfield code="b">Telegraph Co.</subfield></datafield><datafield ind1=" " ind2=" " tag="300"><subfield code="a">v. ;</subfield><subfield code="c">66 cm.</subfield></datafield><datafield ind1=" " ind2=" " tag="310"><subfield code="a">Daily (except Sunday)</subfield></datafield><datafield ind1="1" ind2=" " tag="362"><subfield code="a">Began July 5, 1870.</subfield><subfield code="z">Cf. Bibl. of Iowa newspapers.</subfield></datafield><datafield ind1="1" ind2=" " tag="362"><subfield code="a">Ceased between Oct. 9, 1876 and Apr. 16, 1892.</subfield></datafield><datafield ind1=" " ind2=" " tag="500"><subfield code="a">Title varies: Telegraph-Democrat; Evening telegraph. Cf. bibliography of Iowa newspapers.</subfield></datafield><datafield ind1=" " ind2=" " tag="500"><subfield code="a">Editor: D.A. Mahony, &lt;1872&gt;, &lt;1876&gt;.</subfield></datafield><datafield ind1=" " ind2=" " tag="588"><subfield code="a">Description based on: Vol. 4, no. 115 (May 15, 1872).</subfield></datafield><datafield ind1=" " ind2=" " tag="752"><subfield code="a">United States</subfield><subfield code="b">Iowa</subfield><subfield code="c">Dubuque</subfield><subfield code="d">Dubuque.</subfield></datafield><datafield ind1="0" ind2=" " tag="775"><subfield code="t">Dubuque weekly telegraph</subfield><subfield code="w">(DLC)sn 84038143</subfield></datafield><datafield ind1="0" ind2="0" tag="785"><subfield code="t">Dubuque daily telegraph</subfield><subfield code="w">(DLC)sn 86061150</subfield></datafield><datafield ind1="1" ind2=" " tag="029"><subfield code="a">AU@</subfield><subfield code="b">000025787617</subfield></datafield></record>